@misc{git,
	title = "DialogFlow en Android",
	howpublished = "\url{https://github.com/dialogflow/dialogflow-android-client/blob/master/README.md}",
	
}

@misc{dialogo,
	title = "Especificaciones b√°sicas de DialogFlow. \url{https://dialogflow.com/docs/getting-started/basics}",
}